<record><leader>00000cas a2200000 a 4500</leader><controlfield tag="001">34054243</controlfield><controlfield tag="008">960119d19021906miuwr ne      0    0eng c</controlfield><datafield ind1=" " ind2=" " tag="010"><subfield code="a">sn 95077659 </subfield></datafield><datafield ind1=" " ind2=" " tag="040"><subfield code="a">MHN</subfield><subfield code="b">eng</subfield><subfield code="c">MHN</subfield><subfield code="d">OCL</subfield><subfield code="d">OCLCQ</subfield><subfield code="d">OCLCF</subfield><subfield code="d">OCLCO</subfield></datafield><datafield ind1="1" ind2=" " tag="029"><subfield code="a">AU@</subfield><subfield code="b">000012204814</subfield></datafield><datafield ind1=" " ind2=" " tag="042"><subfield code="a">pcc</subfield></datafield><datafield ind1=" " ind2=" " tag="043"><subfield code="a">n-us-mi</subfield></datafield><datafield ind1="0" ind2="4" tag="245"><subfield code="a">The Huron tribune. And the Huron County Republican.</subfield></datafield><datafield ind1="1" ind2="3" tag="246"><subfield code="a">Tribune-Republican</subfield></datafield><datafield ind1="1" ind2=" " tag="246"><subfield code="i">Some issues called:</subfield><subfield code="a">Huron tribune. And Huron County Republican</subfield></datafield><datafield ind1="1" ind2=" " tag="246"><subfield code="i">Some issues called:</subfield><subfield code="a">Huron tribune. Huron County Republican</subfield></datafield><datafield ind1=" " ind2=" " tag="260"><subfield code="a">Bad Axe, Huron County, Mich. :</subfield><subfield code="b">John Maywood</subfield></datafield><datafield ind1=" " ind2=" " tag="300"><subfield code="a">v.</subfield></datafield><datafield ind1=" " ind2=" " tag="310"><subfield code="a">Weekly</subfield></datafield><datafield ind1="1" ind2=" " tag="362"><subfield code="a">Began with Sept. 19, 1902?</subfield></datafield><datafield ind1="0" ind2=" " tag="362"><subfield code="a">-v. 31, no. 42 (Oct. 19, 1906).</subfield></datafield><datafield ind1=" " ind2=" " tag="580"><subfield code="a">Formed by the union of: Huron tribune, and: Huron County Republican.</subfield></datafield><datafield ind1=" " ind2=" " tag="588"><subfield code="a">Description based on: Vol. 36, no. 37 (Sept. 26, 1902).</subfield></datafield><datafield ind1=" " ind2="0" tag="651"><subfield code="a">Bad Axe (Mich.)</subfield><subfield code="v">Newspapers.</subfield></datafield><datafield ind1=" " ind2="0" tag="651"><subfield code="a">Huron County (Mich.)</subfield><subfield code="v">Newspapers.</subfield></datafield><datafield ind1=" " ind2="7" tag="655"><subfield code="a">Newspapers.</subfield><subfield code="2">fast</subfield><subfield code="0">(OCoLC)fst01423814</subfield></datafield><datafield ind1=" " ind2="7" tag="651"><subfield code="a">Michigan</subfield><subfield code="z">Bad Axe.</subfield><subfield code="2">fast</subfield><subfield code="0">(OCoLC)fst01219678</subfield></datafield><datafield ind1=" " ind2="7" tag="651"><subfield code="a">Michigan</subfield><subfield code="z">Huron County.</subfield><subfield code="2">fast</subfield><subfield code="0">(OCoLC)fst01209626</subfield></datafield><datafield ind1=" " ind2=" " tag="752"><subfield code="a">United States</subfield><subfield code="b">Michigan</subfield><subfield code="c">Huron</subfield><subfield code="d">Bad Axe.</subfield></datafield><datafield ind1="1" ind2="4" tag="780"><subfield code="t">Huron tribune</subfield><subfield code="w">(DLC)sn 94057770</subfield><subfield code="w">(OCoLC)30454030</subfield></datafield><datafield ind1="1" ind2="4" tag="780"><subfield code="t">Huron County Republican</subfield><subfield code="w">(DLC)sn 95077658</subfield><subfield code="w">(OCoLC)34054349</subfield></datafield><datafield ind1="0" ind2="0" tag="785"><subfield code="t">Huron County tribune</subfield><subfield code="w">(DLC)sn 95077660</subfield><subfield code="w">(OCoLC)34055227</subfield></datafield></record>